<record><leader>00000cas a2200000 a 4500</leader><controlfield tag="001">11312999</controlfield><controlfield tag="008">841026d18861887ksuwr ne      0   a0eng d</controlfield><datafield ind1=" " ind2=" " tag="010"><subfield code="a">sn 84030219 </subfield></datafield><datafield ind1=" " ind2=" " tag="040"><subfield code="a">KSH</subfield><subfield code="b">eng</subfield><subfield code="c">KSH</subfield><subfield code="d">NPT</subfield><subfield code="d">OCL</subfield><subfield code="d">OCLCQ</subfield></datafield><datafield ind1=" " ind2=" " tag="042"><subfield code="a">msc</subfield></datafield><datafield ind1="0" ind2="0" tag="245"><subfield code="a">Greeley County tribune.</subfield></datafield><datafield ind1=" " ind2=" " tag="260"><subfield code="a">Tribune, Kan. :</subfield><subfield code="b">[Carter Hutchinson],</subfield><subfield code="c">1886-1887.</subfield></datafield><datafield ind1=" " ind2=" " tag="300"><subfield code="a">2 v. :</subfield><subfield code="b">ill. ;</subfield><subfield code="c">55 cm.</subfield></datafield><datafield ind1=" " ind2=" " tag="310"><subfield code="a">Weekly</subfield></datafield><datafield ind1="0" ind2=" " tag="362"><subfield code="a">Vol. 1, no. 7 (June 3, 1886)-v. 2, no. 28 (Oct. 27, 1887) ; vol. 1, no. 1 (Nov. 3, 1887)-v. 1, no. 2 (Nov. 10, 1887).</subfield></datafield><datafield ind1=" " ind2=" " tag="500"><subfield code="a">Published: Reid, Kan. : J.M. Hawkins, Nov. 3-10, 1887.</subfield></datafield><datafield ind1=" " ind2=" " tag="525"><subfield code="a">Supplements included.</subfield></datafield><datafield ind1=" " ind2=" " tag="752"><subfield code="a">United States</subfield><subfield code="b">Kansas</subfield><subfield code="c">Greeley</subfield><subfield code="d">Tribune.</subfield></datafield><datafield ind1=" " ind2=" " tag="752"><subfield code="a">United States</subfield><subfield code="b">Kansas</subfield><subfield code="c">Greeley</subfield><subfield code="d">Reid.</subfield></datafield><datafield ind1="0" ind2="0" tag="780"><subfield code="t">Greeley tribune (Tribune, Kan.)</subfield><subfield code="w">(DLC)sn 84030220</subfield></datafield><datafield ind1="0" ind2="0" tag="785"><subfield code="t">Greeley County republican</subfield><subfield code="w">(DLC)sn 84030218</subfield></datafield></record>